@article{surowiecki2004wisdom,
  title={The wisdom of crowds: Why the many are smarter than the few and how collective wisdom shapes business},
  author={Surowiecki, James},
  journal={Economies, Societies and Nations},
  volume={296},
  year={2004},
  publisher={Doubleday New York}
}
@INPROCEEDINGS{nltk,
    author = {Edward Loper and Steven Bird},
    title = {NLTK: The Natural Language Toolkit},
    booktitle = {In Proceedings of the ACL Workshop on Effective Tools and Methodologies for Teaching Natural Language Processing and Computational Linguistics. Philadelphia: Association for Computational Linguistics},
    year = {2002}
}